%% Created using Papers on Thu, 18 Dec 2014.
%% http://papersapp.com/papers/

@article{Ding:2008gq,
author = {Ding, Hui and Trajcevski, Goce and Scheuermann, Peter and Wang, Xiaoyue and Keogh, Eamonn},
title = {{Querying and mining of time series data: experimental comparison of representations and distance measures}},
booktitle = {Proceedings of the VLDB Endowment},
year = {2008},
pages = {1542--1552},
publisher = {~VLDB Endowment},
month = aug
}

@article{Brand:1997wk,
author = {Brand, M and Oliver, N and Pentland, A},
title = {{Coupled hidden Markov models for complex action recognition}},
booktitle = {CVPR '97: Proceedings of the 1997 Conference on Computer Vision and Pattern Recognition (CVPR '97},
year = {1997},
publisher = {~IEEE Computer Society},
month = jun
}

@article{Liu:2010cu,
author = {Liu, J and Pan, Z and Xiangcheng, L},
title = {{An accelerometer-based gesture recognition algorithm and its application for 3D interaction}},
journal = {Computer Science and Information {\ldots}},
year = {2010}
}

@article{Chambers:2004cu,
author = {Chambers, Graeme S and Venkatesh, Svetha and West, Geoff A W and Bui, Hung H},
title = {{Segmentation of Intentional Human Gestures for Sports Video Annotation}},
booktitle = {MMM '04: Proceedings of the 10th International Multimedia Modelling Conference},
year = {2004},
publisher = {~IEEE Computer Society},
month = jan
}

@article{lee1999hmm,
  title={An HMM-based threshold model approach for gesture recognition},
  author={Lee, Hyeon-Kyu and Kim, Jin-Hyung},
  journal={Pattern Analysis and Machine Intelligence, IEEE Transactions on},
  volume={21},
  number={10},
  pages={961--973},
  year={1999},
  publisher={IEEE},
}

@article{salvador2007toward,
  title={Toward accurate dynamic time warping in linear time and space},
  author={Salvador, Stan and Chan, Philip},
  journal={Intelligent Data Analysis},
  volume={11},
  number={5},
  pages={561--580},
  year={2007},
  publisher={IOS Press}
}

@article{rabiner1986introduction,
  title={An introduction to hidden Markov models},
  author={Rabiner, Lawrence and Juang, Biing-Hwang},
  journal={ASSP Magazine, IEEE},
  volume={3},
  number={1},
  pages={4--16},
  year={1986},
  publisher={IEEE}
}

@article{sabatini2006quaternion,
  title={Quaternion-based extended Kalman filter for determining orientation by inertial and magnetic sensing},
  author={Sabatini, Angelo M},
  journal={Biomedical Engineering, IEEE Transactions on},
  volume={53},
  number={7},
  pages={1346--1356},
  year={2006},
  publisher={IEEE}
}
